<record><leader>00000cas a22000007a 4500</leader><controlfield tag="001">15567492</controlfield><controlfield tag="008">870422d18321834inuwr ne      0    0eng d</controlfield><datafield ind1=" " ind2=" " tag="010"><subfield code="a">sn 87055781 </subfield></datafield><datafield ind1=" " ind2=" " tag="040"><subfield code="a">NPI</subfield><subfield code="b">eng</subfield><subfield code="c">NPI</subfield><subfield code="d">OCLCQ</subfield></datafield><datafield ind1=" " ind2=" " tag="042"><subfield code="a">msc</subfield></datafield><datafield ind1="0" ind2="4" tag="245"><subfield code="a">The St. Joseph beacon ; and Indiana &amp; Michigan intelligencer.</subfield></datafield><datafield ind1="3" ind2="0" tag="246"><subfield code="a">Saint Joseph beacon; and Indiana &amp; Michigan intelligencer</subfield></datafield><datafield ind1="3" ind2="0" tag="246"><subfield code="a">Saint Joseph beacon; and Indiana and Michigan intelligencer</subfield></datafield><datafield ind1="3" ind2="0" tag="246"><subfield code="a">St. Joseph beacon; and Indiana and Michigan intelligencer</subfield></datafield><datafield ind1=" " ind2=" " tag="260"><subfield code="a">South-Bend, Ind. :</subfield><subfield code="b">J.D.J. &amp; H. [i.e. J.D. &amp; J.H.] Defrees,</subfield><subfield code="c">1832-</subfield></datafield><datafield ind1=" " ind2=" " tag="310"><subfield code="a">Weekly</subfield></datafield><datafield ind1="0" ind2=" " tag="362"><subfield code="a">Vol. 1, no. 27 (May 23, 1832)-</subfield></datafield><datafield ind1="1" ind2=" " tag="362"><subfield code="a">Ceased in 1834?</subfield></datafield><datafield ind1=" " ind2=" " tag="752"><subfield code="a">United States</subfield><subfield code="b">Indiana</subfield><subfield code="c">Saint Joseph</subfield><subfield code="d">South Bend.</subfield></datafield><datafield ind1="0" ind2="0" tag="780"><subfield code="t">North-western pioneer, and St. Josephs' intelligencer</subfield><subfield code="w">(DLC)sn 87055780</subfield></datafield></record>